@article{ GZYI202508041,
author = { 张亮亮 and  卓召振 and  黄盛文 and  任凌雁 and  牟静 and  匡颖 },
title = {贵州省多中心16798例NIPT-plus结果回顾性分析},
journal = {贵州医药},
volume = {49},
number = {08},
pages = {1296-1299},
year = {2025},
issn = {1000-744X},
}

@article{ ZYLN202506019,
author = { 张鹏 and  莫伟英 and  蒙明慧 and  张红燕 },
title = {无创产前检测对性染色体非整倍体检出情况的影响及相关伦理思考},
journal = {中国临床新医学},
volume = {18},
number = {06},
pages = {690-695},
year = {2025},
issn = {1674-3806},
}

@article{ ZGCQ202303005,
author = { 钟佳通 and  胡亮 and  温丽娟 and  李双武 and  陈晓杭 and  裴元元 and  刘维强 },
title = {双胎妊娠中无创产前检测的胎儿游离DNA浓度特征及检测失败原因分析},
journal = {中国产前诊断杂志(电子版)},
volume = {15},
number = {03},
pages = {25-30},
year = {2023},
issn = {1674-7399},
doi = {10.13470/j.cnki.cjpd.2023.03.005}
}

@article{ YLYS202523047,
author = { 蒋丽雅 and  卢劭侃 and  杜佳恩 and  陈阔阔 and  张思恬 and  伍圣洁 and  柳天玉 and  叶佳昊 },
title = {无创产前检测技术的发展与应用},
journal = {临床医学研究与实践},
volume = {10},
number = {23},
pages = {191-194},
year = {2025},
issn = {2096-1413},
doi = {10.19347/j.cnki.2096-1413.202523047}
}